@article{bellare1993random,
  title={Random oracles are practical: A paradigm for designing efficient protocols},
  author={Bellare, Mihir and Rogaway, Phillip},
  journal={Proceedings of the 1st ACM conference on Computer and communications security},
  pages={62--73},
  year={1993}
}

@book{katz2014introduction,
  title={Introduction to modern cryptography},
  author={Katz, Jonathan and Lindell, Yehuda},
  year={2014},
  publisher={CRC press}
}

@article{canetti2004random,
  title={The random oracle methodology, revisited},
  author={Canetti, Ran and Goldreich, Oded and Halevi, Shai},
  journal={Journal of the ACM},
  volume={51},
  number={4},
  pages={557--594},
  year={2004}
}

@book{goldreich2001foundations,
  title={Foundations of Cryptography: Basic Tools},
  author={Goldreich, Oded},
  volume={1},
  year={2001},
  publisher={Cambridge University Press}
}

@inproceedings{coron2005merkle,
  title={Merkle-Damg{\aa}rd revisited: How to construct a hash function},
  author={Coron, Jean-S{\'e}bastien and Dodis, Yevgeniy and Malinaud, C{\'e}cile and Puniya, Prashant},
  booktitle={Annual International Cryptology Conference},
  pages={430--448},
  year={2005},
  organization={Springer}
}

@article{turner1979theory,
  title={The theory of codata},
  author={Turner, David A},
  journal={Department of Computer Science, University of Kent},
  year={1979}
}

@book{bird1997algebra,
  title={Algebra of programming},
  author={Bird, Richard and de Moor, Oege},
  year={1997},
  publisher={Prentice Hall}
}